@Preamble{{
%%%% REFERÊNCIAS
%%
%% Conjunto padronizado de elementos descritivos retirados de um documento, que
%% permite sua identificação individual.
%%
%% As referências utilizadas no documento devem ser adicionadas neste arquivo,
%% usando o formato bibTeX (ou bibLaTeX), conforme exemplos apresentados no
%% arquivo references-examples.bib.
}}

@book{fowler2018refactoring,
  title={Refactoring: improving the design of existing code},
  author={M. Fowler},
  year={2018},
  publisher={Addison-Wesley Professional}
}

@Book{Gamma2009,
  author    = {E. Gamma and R. Helm and R. Johnson and J. Vlissides},
  title     = {Design Patterns Elements of Reusable Object-Oriented Software},
  isbn      = {9780451012821},
  pagetotal = {218},
  publisher = {Addison-wesley},
  address   = {Westford, Massachuset, USA},
  month     = {3},
  year      = {2009},
}

@book{fields2009refactoring,
  title={Refactoring: Ruby Edition},
  author={J. Fields and S. Harvie and M. Fowler and K. Beck},
  year={2009},
  publisher={Pearson Education}
}

@InProceedings{cinneide2000automated,
author = {M. \'{O} Cinn\'{e}ide},
title = {Automated Refactoring to Introduce Design Patterns},
year = {2000},
isbn = {1581132069},
publisher = {Association for Computing Machinery},
address = {New York, NY, USA},
url = {https://doi.org/10.1145/337180.337612},
doi = {10.1145/337180.337612},
booktitle = {Proceedings [\ldots].},
eventtitle = {Proceedings of the 22nd International Conference on Software Engineering},
pages = {722–724},
numpages = {3},
keywords = {design pattern, behaviour preservation, program refactorings},
location = {Limerick, Ireland},
series = {ICSE '00}
}

@article{ouni2017more,
  title={MORE: A multi-objective refactoring recommendation approach to introducing design patterns and fixing code smells},
  author={A. Ouni and M. Kessentini and M. Ó Cinnéide and H. Sahraoui and K. Deb and K. Inoue},
  journal={Journal of Software: Evolution and Process},
  volume={29},
  number={5},
  pages={e1843},
  year={2017},
  publisher={Wiley Online Library}
}

@article{szHoke2017empirical,
  title={Empirical study on refactoring large-scale industrial systems and its effects on maintainability},
  author={G. Sz{\H{o}}ke and G. Antal and C. Nagy and R. Ferenc and T. Gyim{\'o}thy},
  journal={Journal of Systems and Software},
  volume={129},
  pages={107--126},
  year={2017},
  publisher={Elsevier}
}

@article{Wilking2007,
  author    = {D. Wilking and U. F. Kahn and S. Kowalewski},
  title     = {{An Empirical Evaluation of Refactoring}},
  journal   = {{e-Informatica Software Engineering Journal}},
  volume    = {1},
  number    = {1},
  year      = {2007},
  pages     = {27--42},
  url       = {http://www.e-informatyka.pl/attach/e-Informatica_-_Volume_1/Vol1Iss1Art2eInformatica.pdf}
} 

@inproceedings{ferenc2002,
  title={Columbus-reverse engineering tool and schema for C++},
  author={ R. Ferenc and A. Besz{\'e}des and  M. Tarkiainen and T. Gyim{\'o}thy},
  booktitle = {Proceedings [\ldots].},
  eventtitle = {International Conference on Software Maintenance, 2002. Proceedings.},
  pages={172--181},
  year={2002},
  organization={IEEE}
}

@mastersthesis{beluzzo2018abordagem,
  title={Abordagem para avaliar e detectar pontos de inser{\c{c}}{\~a}o e aplica{\c{c}}{\~a}o de padr{\~o}es de projeto em c{\'o}digo-fonte},
  author={L. B. Beluzzo},
  year={2018},
  school={Universidade Tecnol{\'o}gica Federal do Paran{\'a}}
}

@inproceedings{ge2012reconciling,
  title={Reconciling manual and automatic refactoring},
  author={X. Ge and Q. L. DuBose and E. Murphy-Hill},
  booktitle = {Proceedings [\ldots].},
  eventtitle = {2012 34th International Conference on Software Engineering (ICSE)},
  pages={211--221},
  year={2012},
  organization={IEEE}
}

@mastersthesis{korman1998elbereth,
  title={Elbereth: Tool support for refactoring Java programs},
  author={W. F. Korman and W. G. Griswold},
  year={1998},
  school={Citeseer}
}

@inproceedings{murphy2008breaking,
  title={Breaking the barriers to successful refactoring: observations and tools for extract method},
  author={E. Murphy-Hill and A. P. Black},
  booktitle = {Proceedings [\ldots].},
  eventtitle = {Proceedings of the 30th international conference on Software engineering},
  pages={421--430},
  year={2008}
}

@article{rani2014detection,
  title={Detection of bad smells in source code according to their object oriented metrics},
  author={A. Rani and H. Kaur},
  journal={International Journal for Technological Research in Engineering},
  volume={1},
  number={10},
  pages={1211--1214},
  year={2014}
}

@article{sangeetha2019empirical,
  title={An empirical investigation into code smells rectifications through ADA\_BOOSTER},
  author={M. Sangeetha and C. Chandrasekar},
  journal={Ain Shams Engineering Journal},
  volume={10},
  number={3},
  pages={549--553},
  year={2019},
  publisher={Elsevier}
}

@inproceedings{Mythily2022,
   author = {M. Mythily and A. Samson Arun Raj and Iwin Thanakumar Joseph},
   doi = {10.1109/ICICT54344.2022.9850910},
   isbn = {9781665408370},
   journal = {5th International Conference on Inventive Computation Technologies, ICICT 2022 - Proceedings},
   booktitle = {Proceedings [\ldots].},
   eventtitle = {2022 International Conference on Inventive Computation Technologies (ICICT)},
   keywords = {Enterprise level coding,JAVA,Spring Boot,Spring Framework},
   pages = {1277-1281},
   publisher = {IEEE},
   title = {An Analysis of the Significance of Spring Boot in The Market},
   year = {2022},
}

@online{java8to17,
  author = {J. Janssen},
  title = {It’s time to move your applications to Java 17. Here’s why—and how.},
  year = 2021,
  url = {https://blogs.oracle.com/javamagazine/post/its-time-to-move-your-applications-to-java-17-heres-why-and-heres-how},
  urldate = {2022-12-30}
}

@INPROCEEDINGS{microservices-comuni,
  author={M. Gördesli and A. Varol},
  booktitle = {Proceedings [\ldots].},
  eventtitle = {2022 10th International Symposium on Digital Forensics and Security (ISDFS)},
  title={Comparing Interservice Communications of Microservices for E-Commerce Industry}, 
  year={2022},
  volume={},
  number={},
  pages={1-4},
  doi={10.1109/ISDFS55398.2022.9800784}}

@article{Cebeci2020DesignOA,
  title={Design of an Enterprise Level Architecture Based on Microservices},
  journal={Bilişim Teknolojileri Dergisi},
  volume={13},
  pages={357–371},
  author={K. Cebeci and {\"O}. Korçak},
  year={2020},
  month={10},
  doi={10.17671/gazibtd.558392},
  publisher={Gazi University}
  }

@article{KARABEYAKSAKALLI2021111014,
title = {Deployment and communication patterns in microservice architectures: A systematic literature review},
journal = {Journal of Systems and Software},
volume = {180},
pages = {111014},
year = {2021},
issn = {0164-1212},
doi = {https://doi.org/10.1016/j.jss.2021.111014},
url = {https://www.sciencedirect.com/science/article/pii/S0164121221001114},
author = {I. K. Aksakalli and T. Çelik and A. B. Can and B. Teki̇nerdoğan}
}

@INPROCEEDINGS{ChenScalable,
  author={H. Chen and F. Ye and M. Kim and H. Lei},
  eventtitle={2011 IEEE 30th International Symposium on Reliable Distributed Systems}, 
  booktitle = {Proceedings [\ldots].},
  title={A Scalable Cloud-based Queuing Service with Improved Consistency Levels}, 
  year={2011},
  volume={},
  number={},
  pages={229-234},
  doi={10.1109/SRDS.2011.35}}

@article{GAITANI201533,
title = {Automated refactoring to the Null Object design pattern},
journal = {Information and Software Technology},
volume = {59},
pages = {33-52},
year = {2015},
issn = {0950-5849},
doi = {https://doi.org/10.1016/j.infsof.2014.10.010},
url = {https://www.sciencedirect.com/science/article/pii/S0950584914002389},
author = {M. A. G. Gaitani and V. E. Zafeiris and N. A. Diamantidis and E.A. Giakoumakis},
keywords = {Refactoring, Design patterns, Null Object, Optional fields, Null checks},
}

@article{CHRISTOPOULOU20121201,
title = {Automated refactoring to the Strategy design pattern},
journal = {Information and Software Technology},
volume = {53},
number = {10},
pages = {1201-1214},
year = {2011},
issn = {0949-5849},
doi = {https://doi.org/9.1016/j.infsof.2012.05.004},
url = {https://www.sciencedirect.com/science/article/pii/S0950584912001023},
author = {A. Christopoulou and E.A. Giakoumakis and V. E. Zafeiris and V. Soukara},
keywords = {Refactoring, Design patterns, Strategy pattern, Polymorphism, Total replacement of conditional logic},
}

@article{zafeiris2017automated,
title = {Automated refactoring of super-class method invocations to the Template Method design pattern},
journal = {Information and Software Technology},
volume = {82},
pages = {19-35},
year = {2017},
issn = {0950-5849},
doi = {https://doi.org/10.1016/j.infsof.2016.09.008},
url = {https://www.sciencedirect.com/science/article/pii/S0950584916301860},
author = {V. E. Zafeiris and S. H. Poulias and N. A. Diamantidis and E.A. Giakoumakis},
keywords = {Call Super, Implementation inheritance, Interface inheritance, Refactoring, Template Method design pattern},
}

@INPROCEEDINGS{CINNEIDE2015,
title = {A Multi-Objective Refactoring Approach to Introduce Design Patterns and Fix Anti-Patterns},
eventtitle = {North American Search Based Software Engineering Symposium (NasBASE )North American Search Based Software Engineering Symposium (NasBASE )},
booktitle = {Proceedings [\ldots].},
author={A. Ounia and M. Kessentinib and H. Sahraouic and M. {\'O} Cinn{\'e}ided and K. M. Debe and K. Inouea},
year = {2015}
}

@phdthesis{cinneide2001automated,
  title={Automated application of design patterns: a refactoring approach},
  author={M. Ó Cinn{\'e}ide},
  year={2001},
  school= {Trinity College Dublin},
  type= {PhD thesis}
}

@INPROCEEDINGS{cinneide792644,
  author={M. \'{O} Cinn\'{e}ide and P. Nixon},
  eventtitle={Proceedings IEEE International Conference on Software Maintenance - 1999 (ICSM'99). 'Software Maintenance for Business Change' (Cat. No.99CB36360)}, 
  booktitle = {Proceedings [\ldots].},
  title={A methodology for the automated introduction of design patterns}, 
  year={1999},
  volume={},
  number={},
  pages={463-472},
  doi={10.1109/ICSM.1999.792644}}

@INPROCEEDINGS{mens972774,
  author={T. Mens and T. Tourwe},
  eventtitle={Proceedings IEEE International Conference on Software Maintenance. ICSM 2001},
  booktitle = {Proceedings [\ldots].},
  title={A declarative evolution framework for object-oriented design patterns}, 
  year={2001},
  volume={},
  number={},
  pages={570-579},
  doi={10.1109/ICSM.2001.972774}}

@INPROCEEDINGS{sang1183003,
  author={S.-U. Jeon and J.-S. Lee and D.-H. Bae},
  eventtitle={Ninth Asia-Pacific Software Engineering Conference, 2002.}, 
  booktitle = {Proceedings [\ldots].},
  title={An automated refactoring approach to design pattern-based program transformations in Java programs},
  year={2002},
  volume={},
  number={},
  pages={337-345},
  doi={10.1109/APSEC.2002.1183003}}

@inproceedings{Cinneide602499,
author = {M. Ó Cinn\'{e}ide and P. Nixon},
title = {Automated Software Evolution towards Design Patterns},
year = {2001},
isbn = {1581135084},
publisher = {Association for Computing Machinery},
address = {New York, NY, USA},
url = {https://doi.org/10.1145/602461.602499},
doi = {10.1145/602461.602499},
eventtitle = {Proceedings of the 4th International Workshop on Principles of Software Evolution},
booktitle = {Proceedings [\ldots].},
pages = {162–165},
numpages = {4},
keywords = {design quality, design patterns, refactoring, automated program transformations},
location = {Vienna, Austria},
series = {IWPSE '01}
}

@Article{Liu2014,
author={W. Liu and Z.-G. Hu and H.-T. Liu and L. Yang},
title={Automated pattern-directed refactoring for complex conditional statements},
journal={Journal of Central South University},
year={2014},
month={5},
day={01},
volume={21},
number={5},
pages={1935-1945},
issn={2227-5223},
doi={10.1007/s11771-014-2140-z},
url={https://doi.org/10.1007/s11771-014-2140-z}
}

@inproceedings{rajesh1013988,
author = {J. Rajesh and D. Janakiram},
title = {JIAD: A Tool to Infer Design Patterns in Refactoring},
eventtitle = {Proceedings of the 6th ACM SIGPLAN International Conference on Principles and Practice of Declarative Programming},
booktitle = {Proceedings [\ldots].},
year = {2004},
isbn = {1581138199},
publisher = {Association for Computing Machinery},
address = {New York, NY, USA},
url = {https://doi.org/10.1145/1013963.1013988},
doi = {10.1145/1013963.1013988},
pages = {227–237},
numpages = {11},
keywords = {refactoring, prolog, facts-base, predicate-templates, object-oriented systems, declarative programming, rule-base, design pattern (DP), intent-aspects (IAs)},
location = {Verona, Italy},
series = {PPDP '04}
}

@inproceedings{ram2004detecting,
  title={Detecting Intent Aspects from Code to Apply Design Patterns in Refactoring: An Approach Towards a Refactoring Tool},
  author={ J. Rajesh and D. Janakiram},
  eventtitle={Proceedings of 2nd Workshop on Software Design and Architecture (SODA)},
  booktitle = {Proceedings [\ldots].},
  volume={4},
  year={2004}
}

@INPROCEEDINGS{hotta6178876,
  author={K. Hotta and Y. Higo and S. Kusumoto},
  eventtitle={2012 16th European Conference on Software Maintenance and Reengineering},
  booktitle = {Proceedings [\ldots].},
  title={Identifying, Tailoring, and Suggesting Form Template Method Refactoring Opportunities with Program Dependence Graph}, 
  year={2012},
  volume={},
  number={},
  pages={53-62},
  doi={10.1109/CSMR.2012.16}}

@INPROCEEDINGS{eden632834,
  author={ A.H. Eden and A. Yehudai and J. Gil},
  eventtitle={Proceedings 12th IEEE International Conference Automated Software Engineering},
  booktitle = {Proceedings [\ldots].},
  title={Precise specification and automatic application of design patterns}, 
  year={1997},
  volume={},
  number={},
  pages={143-152},
  doi={10.1109/ASE.1997.632834}}

@book{kerievsky2005refactoring,
  title={Refactoring to Patterns},
  author={J. Kerievsky},
  isbn={9780321213358},
  lccn={2004012166},
  series={A Martin Fowler signature book},
  url={https://books.google.com.br/books?id=ebBQAAAAMAAJ},
  year={2005},
  publisher={Addison-Wesley}
}

@INPROCEEDINGS{kim7332467,
  author={J. Kim and D. Batory and D. Dig},
  eventtitle={2015 IEEE International Conference on Software Maintenance and Evolution (ICSME)}, 
  booktitle = {Proceedings [\ldots].},
  title={Scripting parametric refactorings in Java to retrofit design patterns}, 
  year={2015},
  volume={},
  number={},
  pages={211-220},
  doi={10.1109/ICSM.2015.7332467}}

  @article{kim2014scripting,
  title={Scripting refactorings in java to introduce design patterns},
  author={J. Kim and D. Batory and D. Dig},
  journal={UTexas-Austin, Tech. Rep. TR-14-14},
  pages={24},
  year={2014}
}

@INPROCEEDINGS{juillerat4362900,
  author={N. Juillerat and B. Hirsbrunner},
  eventtitle={Seventh IEEE International Working Conference on Source Code Analysis and Manipulation (SCAM 2007)},
  booktitle = {Proceedings [\ldots].},
  title={Toward an Implementation of the "Form Template Method" Refactoring}, 
  year={2007},
  volume={},
  number={},
  pages={81-90},
  doi={10.1109/SCAM.2007.11}}

@INPROCEEDINGS{ajouli6619484,
  author={A. Ajouli and J. Cohen and J.-C. Royer},
  eventtitle={2013 39th Euromicro Conference on Software Engineering and Advanced Applications},
  booktitle = {Proceedings [\ldots].},
  title={Transformations between Composite and Visitor Implementations in Java}, 
  year={2013},
  volume={},
  number={},
  pages={25-32},
  doi={10.1109/SEAA.2013.53}}

@online{ck,
  author = {M. Aniche},
  title = {CK},
  year = 2015,
  url = {https://github.com/mauricioaniche/ck/},
  urldate = {2022-12-30}
}

@article{Abid2020,
   author = {C. Abid and V. Alizadeh and M. Kessentini and T. N. Ferreira and D. Dig},
   month = {7},
   title = {30 Years of Software Refactoring Research:A Systematic Literature Review},
   journal = {IEEE Transactions on Software Engineering},
   url = {http://arxiv.org/abs/2007.02194},
   year = {2020},
}

@thesis{Ruben2010,
   author = {W. Ruben},
   institution = {University of Oslo},
   keywords = {VDP::420},
   month = {6},
   title = {A Literature Review on Code Smells and Refactoring},
   url = {https://www.duo.uio.no/handle/10852/8739},
   year = {2010},
}

@thesis{Elhazzat2020,
   author = {J. Elhazzat},
   keywords = {Classic genetic algorithm,Intelligent refactoring,Interactive genetic algorithm,Refactoring recommendation,Software engineering,Software integration,Software refactoring},
   month = {12},
   title = {A Systematic Literature Review on Software Refactoring},
   institution = {University of Michigan},
   year = {2020},
}

@report{Akhtar2022,
   author = {S. M. Akhtar and M. Nazir and A. Ali and A. S. Khan and M. Atif},
   doi = {10.21203/RS.3.RS-1472519/V1},
   keywords = {Manual/Automatic refactoring,Semi-automated refactoring,Software complexity,Software maintainability,Software understandability,Software-refactoring},
   month = {4},
   title = {A Systematic Literature Review on Software-refactoring Techniques, Challenges, and Practices},
   url = {https://www.researchsquare.com/article/rs-1472519/v1.pdf},
   year = {2022},
}
@article{Singh2018b,
   author = {S. Singh and S. Kaur},
   doi = {10.1016/j.asej.2017.03.002},
   issn = {20904479},
   issue = {4},
   journal = {Ain Shams Engineering Journal},
   keywords = {Anti-patterns,Code smells,Refactoring},
   month = {12},
   pages = {2129-2151},
   publisher = {Ain Shams University},
   title = {A systematic literature review: Refactoring for disclosing code smells in object oriented software},
   volume = {9},
   year = {2018},
}

@article{Agnihotri2020,
   author = {M. Agnihotri and A. Chug},
   doi = {10.3745/JIPS.04.0184},
   issn = {2092805X},
   issue = {4},
   journal = {Journal of Information Processing Systems},
   keywords = {Code smells,Extract class refactoring,Feature envy bad smell,Refactoring techniques,Software maintenance,Software metrics},
   month = {8},
   pages = {915-934},
   publisher = {Korea Information Processing Society},
   title = {A systematic literature survey of software metrics, code smells and refactoring techniques},
   volume = {16},
   year = {2020},
}

@inproceedings{Tavares2018,
   author = {C. S. Tavares and F. Ferreira and E. Figueiredo},
   city = {New York, New York, USA},
   doi = {10.1145/3229345.3229357},
   isbn = {9781450365598},
   journal = {ACM International Conference Proceeding Series},
   booktitle = {Proceedings [\ldots].},
   eventtitle = {Proceedings of the XIV Brazilian Symposium on Information Systems},
   month = {6},
   pages = {81-88},
   publisher = {Association for Computing Machinery},
   title = {A systematic mapping of literature on software refactoring tools},
   url = {http://dl.acm.org/citation.cfm?doid=3229345.3229357},
   year = {2018},
}
@article{Mariani2017,
   author = {T. Mariani and S. R. Vergilio},
   doi = {10.1016/j.infsof.2016.11.009},
   issn = {09505849},
   journal = {Information and Software Technology},
   keywords = {Evolutionary algorithms,Refactoring,Search-based software engineering},
   month = {3},
   pages = {14-34},
   publisher = {Elsevier B.V.},
   title = {A systematic review on search-based refactoring},
   volume = {83},
   year = {2017},
}

@article{Baqais2020,
   author = {A. A. B. Baqais and M. Alshayeb},
   doi = {10.1007/s11219-019-09477-y},
   issn = {15731367},
   issue = {2},
   journal = {Software Quality Journal},
   keywords = {Automatic refactoring,Refactoring,Search-based,Systematic review},
   month = {6},
   pages = {459-502},
   publisher = {Springer},
   title = {Automatic software refactoring: a systematic literature review},
   volume = {28},
   year = {2020},
}

@inproceedings{Abebe2014b,
   author = {M. Abebe and C.-J. Yoo},
   doi = {10.14257/astl.2014.46.59},
   month = {4},
   pages = {279-284},
   booktitle = {Proceedings [\ldots].},
   eventtitle = {Advanced Science and Technology Letters},
   publisher = {Science and Engineering Research Support Society},
   title = {Classification and Summarization of Software Refactoring Researches: A Literature Review Approach},
   year = {2014},
}

@article{Lacerda2020,
   author = {G. Lacerda and F. Petrillo and M. Pimenta and Y. G. Gueheneuc},
   doi = {10.1016/j.jss.2020.110610},
   journal = {Journal of Systems and Software},
   keywords = {Code smells,Refactoring,Tertiary systematic review},
   month = {4},
   publisher = {Elsevier Inc.},
   title = {Code Smells and Refactoring: A Tertiary Systematic Review of Challenges and Observations},
   volume = {167},
   url = {http://arxiv.org/abs/2004.10777 http://dx.doi.org/10.1016/j.jss.2020.110610},
   year = {2020},
}

@inproceedings{Rafique2019,
   author = {M. Z. Rafique and K. A. Alam and U. Iqbal},
   doi = {10.1109/MACS48846.2019.9024773},
   isbn = {9781728149561},
   journal = {MACS 2019 - 13th International Conference on Mathematics, Actuarial Science, Computer Science and Statistics, Proceedings},
   month = {12},
   publisher = {Institute of Electrical and Electronics Engineers Inc.},
   title = {Multi-Objective Optimization Techniques for Software Refactoring: A Systematic Literature Review},
   eventtitle={2019 13th International Conference on Mathematics, Actuarial Science, Computer Science and Statistics (MACS)}, 
   booktitle = {Proceedings [\ldots].},
   year = {2019},
}

@article{AlOmar2021,
   author = {E. A. Alomar and M. W. Mkaouer and C. Newman and A. Ouni},
   doi = {10.1016/j.infsof.2021.106675},
   issn = {09505849},
   journal = {Information and Software Technology},
   keywords = {Behavior preservation,Refactoring,Systematic mapping study},
   month = {12},
   pages = {106675},
   publisher = {Elsevier B.V.},
   title = {On preserving the behavior in software refactoring: A systematic mapping study},
   volume = {140},
   year = {2021},
}

@article{Abebe2014a,
   author = {M. Abebe and C.-J. Yoo},
   doi = {10.14257/ijseia.2014.8.6.24},
   issn = {17389984},
   issue = {6},
   journal = {International Journal of Software Engineering and its Applications},
   keywords = {Code smell,Design patterns,Refactoring tool,Software refactoring},
   pages = {299-318},
   publisher = {Science and Engineering Research Support Society},
   title = {Trends, opportunities and challenges of software refactoring: A systematic literature review},
   volume = {8},
   year = {2014},
}

@thesis{Buriakovskyi2018,
   author = {V. Buriakovskyi and G. Saake},
   title = {Why , How , and When Refactorings are ( NOT ) Applied : A Systematic Literature Review},
   year = {2018},
   instetution = {Otto-von-Guericke-University Magdeburg}
}

@article{Mariani2022,
   author = {T. Mariani and M. Kessentini and S. R. Vergilio},
   doi = {10.1007/s10664-022-10151-4},
   issn = {1382-3256},
   issue = {5},
   journal = {Empirical Software Engineering},
   keywords = {Compilers,Interpreters,Programming Languages,Software Engineering/Programming and Operating Systems},
   month = {9},
   pages = {110},
   publisher = {Springer},
   title = {Generation of refactoring algorithms by grammatical evolution},
   volume = {27},
   url = {https://link.springer.com/10.1007/s10664-022-10151-4},
   year = {2022},
}

@inproceedings{Ksontini2021,
   author = {E. Ksontini and M. Kessentini and T. N. Ferreira and F. Hassan},
   doi = {10.1109/ASE51524.2021.9678585},
   isbn = {9781665403375},
   eventtitle = {Proceedings - 2021 36th IEEE/ACM International Conference on Automated Software Engineering, ASE 2021},
   booktitle = {Proceedings [\ldots].},
   keywords = {Containers,Docker,Maintenance,Refactoring,Technical debt},
   pages = {781-791},
   publisher = {Institute of Electrical and Electronics Engineers Inc.},
   title = {Refactorings and Technical Debt in Docker Projects: An Empirical Study},
   year = {2021},
}

@article{Moghadam2021,
   author = {I. H. Moghadam and M. Ó Cinneide and F. Zarepour and M. A. Jahanmir},
   doi = {10.1109/ACCESS.2021.3086689},
   issn = {21693536},
   journal = {IEEE Access},
   keywords = {C++,Java,Refactoring,alignment algorithm,empirical studies,refactoring detection},
   pages = {86698-86727},
   publisher = {Institute of Electrical and Electronics Engineers Inc.},
   title = {RefDetect: A Multi-Language Refactoring Detection Tool Based on String Alignment},
   volume = {9},
   year = {2021},
}

@article{Irshad2022,
   author = {M. Irshad and J. Börstler and K. Petersen},
   doi = {10.1016/j.infsof.2021.106717},
   issn = {09505849},
   journal = {Information and Software Technology},
   keywords = {BDD,Behavior-driven development,Normalized Compression Distance (NCD),Normalized Compression Similarity (NCS),Refactoring,Reuse,Similarity ratio (SR),Specifications,Testing},
   month = {1},
   pages = {106717},
   publisher = {Elsevier B.V.},
   title = {Supporting refactoring of BDD specifications—An empirical study},
   volume = {141},
   year = {2022},
}

@article{Paltoglou2021,
   author = {K. Paltoglou and V. E. Zafeiris and N. A. Diamantidis and E. A. Giakoumakis},
   doi = {10.1016/j.jss.2021.111049},
   issn = {01641212},
   journal = {Journal of Systems and Software},
   keywords = {AMD/CommonJS,Code migration,ES6 modules,Module object destructuring,Refactoring},
   month = {11},
   pages = {111049},
   publisher = {Elsevier Inc.},
   title = {Automated refactoring of legacy JavaScript code to ES6 modules},
   volume = {181},
   year = {2021},
}

@article{Bamizadeh2021,
   author = {L. Bamizadeh and B. Kumar and A. Kumar and S. Shirwaikar},
   doi = {10.31803/tg-20210207102610},
   issn = {18466168},
   issue = {3},
   journal = {Tehnički glasnik},
   keywords = {code repository,code smell,detection tool,refactoring,software metric},
   month = {9},
   pages = {371-380},
   publisher = {University North},
   title = {Design and Implementation of a Web-Based Application for Code Smells Repository},
   volume = {15},
   year = {2021},
}

@inproceedings{Bassey2017,
   author = {I. Bassey and N. Dladlu and B. Ele},
   doi = {10.1109/ACIT-CSII-BCD.2016.025},
   isbn = {9781509048717},
   eventtitle = {Proceedings - 4th International Conference on Applied Computing and Information Technology, 3rd International Conference on Computational Science/Intelligence and Applied Informatics, 1st International Conference on Big Data, Cloud Computing, Data Science},
   booktitle = {Proceedings [\ldots].},
   keywords = {Code,Identification,Object-oriented,Refactoring,Software metrics},
   pages = {67-74},
   publisher = {Institute of Electrical and Electronics Engineers Inc.},
   title = {Object-Oriented Code Metric-Based Refactoring Opportunities Identification Approaches: Analysis},
   year = {2017},
}

@mastersthesis{Singh2018a,
   author = {P. Singh},
   title = {Analyzing the Effects of Refactoring on Software Quality Attributes},
   url = {http://www.dspace.dtu.ac.in:8080/jspui/bitstream/repository/16391/1/2k16swe1020thesis.pdf},
   year = {2018},
   school = {Delhi Technological University}
}

@inproceedings{Reeshti2019,
   author = {Reeshti and R. Sehgal and R. Nagpal and D. Mehrotra},
   doi = {10.1109/ISCON47742.2019.9036304},
   isbn = {9781728136516},
   eventtitle = {2019 4th International Conference on Information Systems and Computer Networks, ISCON 2019},
   booktitle = {Proceedings [\ldots].},
   keywords = {Anti-Patterns,Code Smells,Refactoring,Reordering,Restructuring},
   month = {11},
   pages = {311-314},
   publisher = {Institute of Electrical and Electronics Engineers Inc.},
   title = {Measuring Code Smells and Anti-Patterns},
   year = {2019},
}

@inproceedings{Reeshti2021,
   author = {Reeshti and R. Sehgal and D. Mehrotra and R. Nagpal and T. Choudhury},
   doi = {10.1007/978-981-16-4149-7_33},
   isbn = {9789811641480},
   issn = {18761119},
   journal = {Lecture Notes in Electrical Engineering},
   keywords = {Code smells,Energy,Jdeodorant,Refactoring},
   pages = {371-379},
   publisher = {Springer Science and Business Media Deutschland GmbH},
   title = {Code Smell Refactoring for Energy Optimization of Android Apps},
   eventtitle = {Innovations in Cyber Physical Systems},
   booktitle = {Proceedings [\ldots].},
   volume = {788},
   year = {2021},
}

@book{Singh2021,
   author = {R. Singh and A. Bindal and A. Kumar},
   doi = {10.1201/9781003132080-3},
   journal = {Data Science and Innovations for Intelligent Systems},
   month = {8},
   pages = {67-93},
   publisher = {CRC Press},
   title = {Software Engineering Paradigm for Real-Time Accurate Decision Making for Code Smell Prioritization},
   year = {2021},
}

@article{singhAndBindal2020,
   author = {R. Singh and A. Bindal and A. Kumar},
   doi = {10.1504/ijsse.2020.10030109},
   issn = {1748-0671},
   issue = {4},
   journal = {International Journal of System of Systems Engineering},
   pages = {1},
   title = {A Framework to Improve Quality of a Java System by Performing Refactoring},
   volume = {10},
   year = {2020},
}

@article{Rio2020,
   author = {A. Rio and F. B. Abreu},
   month = {12},
   title = {PHP code smells in web apps: survival and anomalies},
   journal = {Journal of Systems and Software},
   url = {http://arxiv.org/abs/2101.00090},
   year = {2020},
}

@inproceedings{Nabilah2019,
   author = {Nabilah and W. D. Sunindyo},
   city = {New York, New York, USA},
   doi = {10.1145/3341016.3341026},
   isbn = {9781450363228},
   eventtitle = {ACM International Conference Proceeding Series},
   booktitle = {Proceedings [\ldots].},
   keywords = {Code smell,Process Control,Software evolution,Software maintenance,Software visualization},
   month = {6},
   pages = {51-54},
   publisher = {Association for Computing Machinery},
   title = {Controlling software evolution process using code smell visualization},
   url = {http://dl.acm.org/citation.cfm?doid=3341016.3341026},
   year = {2019},
}

@inproceedings{Rio2021,
   author = {A. Rio and F. B. Abreu},
   doi = {10.1007/978-3-030-85347-1_7},
   isbn = {9783030853464},
   issn = {18650937},
   eventtitle = {Quality of Information and Communications Technology},
   booktitle = {Proceedings [\ldots].},
   keywords = {Anomaly detection,Code smells,Outliers,PHP,Sudden variations,Web apps},
   pages = {82-96},
   publisher = {Springer Science and Business Media Deutschland GmbH},
   title = {Detecting Sudden Variations in Web Apps Code Smells’ Density: A Longitudinal Study},
   volume = {1439 CCIS},
   year = {2021},
}

@article{Al-Shaaby2020,
   author = {A. Al-Shaaby and H. Aljamaan and M. Alshayeb},
   doi = {10.1007/s13369-019-04311-w},
   issn = {21914281},
   issue = {4},
   journal = {Arabian Journal for Science and Engineering},
   keywords = {Anti-pattern,Artificial intelligent,Bad smell,Code smell,Machine learning,Software quality},
   month = {4},
   pages = {2341-2369},
   publisher = {Springer},
   title = {Bad Smell Detection Using Machine Learning Techniques: A Systematic Literature Review},
   volume = {45},
   year = {2020},
}

@article{Rasool2020,
   author = {G. Rasool and A. Ali},
   doi = {10.1007/s13369-020-04365-1},
   issn = {21914281},
   issue = {4},
   journal = {Arabian Journal for Science and Engineering},
   keywords = {Android smells,Code refactoring,Mobile software applications,Smart phone,Software quality},
   month = {4},
   pages = {3289-3315},
   publisher = {Springer},
   title = {Recovering Android Bad Smells from Android Applications},
   volume = {45},
   year = {2020},
}

@book{Singh2019,
   author = {R. Singh and A. Kumar},
   doi = {10.1007/978-981-13-3140-4_29},
   isbn = {9789811331398},
   issn = {18650929},
   journal = {Communications in Computer and Information Science},
   keywords = {Code smell,Cohesion,Feature Envy,Frequent usage patterns,Hierarchical clustering,Move method refactoring,Quality},
   pages = {320-330},
   publisher = {Springer Verlag},
   title = {To improve code structure by identifying move method opportunities using frequent usage patterns in source-code},
   volume = {955},
   year = {2019},
}

@INPROCEEDINGS{Gupta2020a,
  author={R. Gupta and S. K. Singh},
  eventtitle={2020 10th International Conference on Cloud Computing, Data Science \& Engineering (Confluence)}, 
  booktitle = {Proceedings [\ldots].},
  title={Using Software Metrics to detect Temporary Field code smell}, 
  year={2020},
  volume={},
  number={},
  pages={45-49},
  doi={10.1109/Confluence47617.2020.9058138}}

@article{Jain2022,
   author = {S. Jain and A. Saha},
   doi = {10.1007/s12065-020-00536-z},
   issn = {18645917},
   issue = {1},
   journal = {Evolutionary Intelligence},
   keywords = {Code smell,Correlation,Feature selection,Filter method,Machine learning,Refactoring},
   month = {3},
   pages = {609-638},
   publisher = {Springer Science and Business Media Deutschland GmbH},
   title = {Rank-based univariate feature selection methods on machine learning classifiers for code smell detection},
   volume = {15},
   year = {2022},
}

@inproceedings{Gupta2020b,
   author = {R. Gupta and S. K. Singh},
   doi = {10.1109/ICACCCN51052.2020.9362950},
   isbn = {9781728183374},
   eventtitle = {Proceedings - IEEE 2020 2nd International Conference on Advances in Computing, Communication Control and Networking, ICACCCN 2020},
   booktitle = {Proceedings [\ldots].},
   keywords = {Code Smell,Software Maintainability,Software Metrics,Temporary field},
   month = {12},
   pages = {910-914},
   publisher = {Institute of Electrical and Electronics Engineers Inc.},
   title = {TFfinder: A Software tool to discover Temporary Field code smell},
   year = {2020},
}

@article{Sehgal2017,
   doi = {10.1007/s13198-017-0658-9},
   issn = {09764348},
   issue = {2},
   journal = {International Journal of System Assurance Engineering and Management},
   keywords = {AHP,Code smell,Design metrics,Refactoring approach,Weights},
   month = {11},
   pages = {1750-1761},
   publisher = {Springer},
   title = {Analysis of code smell to quantify the refactoring},
   author = {R. Sehga and D. Mehrotra and M. Bala},
   volume = {8},
   year = {2017},
}

@inproceedings{Patnaik2021b,
   author = {A. Patnaik and N. Padhy},
   city = {New York, NY, USA},
   doi = {10.1145/3484824.3484911},
   isbn = {9781450387637},
   eventtitle = {ACM International Conference Proceeding Series},
   booktitle = {Proceedings [\ldots].},
   keywords = {Code smell,Feature Selection,Machine Learning,Software Quality,Source Code Metrics},
   month = {8},
   pages = {178-185},
   publisher = {Association for Computing Machinery},
   title = {Does Code Complexity Affect the Quality of Real-Time Projects?: Detection of Code Smell on Software Projects using Machine Learning Algorithms},
   url = {https://dl.acm.org/doi/10.1145/3484824.3484911},
   year = {2021},
}

@article{Patnaik2021a,
   author = {A. Patnaik and N. Padhy},
   doi = {10.4018/IJOSSP.2021040102},
   issn = {19423934},
   issue = {2},
   journal = {International Journal of Open Source Software and Processes},
   keywords = {Code smell,Dirty code,Feature selection,Machine learning,Software refactoring},
   pages = {21-35},
   title = {A hybrid approach to identify code smell using machine learning algorithms},
   volume = {12},
   url = {https://www.igi-global.com/article/a-hybrid-approach-to-identify-code-smell-using-machine-learning-algorithms/280096},
   year = {2021},
}

@article{Tarwani2021,
   author = {S. Tarwani and A. Chug},
   doi = {10.1109/INDIACom51348.2021.00144},
   isbn = {9789380544434},
   journal = {Proceedings of the 2021 8th International Conference on Computing for Sustainable Global Development, INDIACom 2021},
   keywords = {Bad smells,Exception handling,Refactoring,Software design},
   pages = {804-810},
   title = {Illustration and detection of exception handling bad smells},
   year = {2021},
}

@article{Rebai2020,
   author = {S. Rebai and V. Alizadeh and M. Kessentini and H. Fehri and R. Kazman},
   doi = {10.1109/tse.2020.3024814},
   issn = {0098-5589},
   issue = {5},
   journal = {IEEE Transactions on Software Engineering},
   month = {9},
   pages = {1560-1578},
   publisher = {Institute of Electrical and Electronics Engineers (IEEE)},
   title = {Enabling Decision and Objective Space Exploration for Interactive Multi-Objective Refactoring},
   volume = {48},
   year = {2020},
}

@article{Abid2021c,
   author = {C. Abid and D. E. Rzig and T. Ferreira and M. Kessentini and T. Sharma},
   keywords = {Index Terms-Refactoring recommendations,QMOOD metrics,Search-Based Software Engineering,multi-objective search !},
   title = {Explainable Search-Based Refactoring},
   journal = {Journal of Latex Class Files},
   url = {https://pandas.pydata.org/pandas-docs/stable/reference/index.html},
   year = {2021},
}

@inproceedings{Abid2021a,
   author = {C. Abid and J. Ivers and T. N. Ferreira and M. Kessentini and F. E. Kahla and I. Ozkaya},
   doi = {10.1109/ASE51524.2021.9678519},
   isbn = {9781665403375},
   eventtitle = {Proceedings - 2021 36th IEEE/ACM International Conference on Automated Software Engineering, ASE 2021},
   booktitle = {Proceedings [\ldots].},
   keywords = {Intelligent change operators,Multi-objective refactoring recommendation,Refactoring dependencies},
   pages = {768-780},
   title = {Intelligent Change Operators for Multi-Objective Refactoring},
   url = {https://deepblue.lib.umich.edu/bitstream/handle/2027.42/170139/ASE2021_DependencyIntelligentRefcatoringfv__Copy_.pdf?sequence=1},
   year = {2021},
}

@article{Rebai2019,
   author = {S. Rebai and V. Alizadeh and M. Kessentini and H. Fehri and R. Kazman},
   issue = {November},
   journal = {IEEE TRANSACTIONS ON SOFTWARE ENGINEERING},
   month = {5},
   pages = {1-19},
   title = {Interactive Decision and Objective Space Exploration for Search Based Refactoring},
   url = {https://deepblue.lib.umich.edu/handle/2027.42/170142},
   year = {2019},
}

@inproceedings{Botelho2018,
   author = {G. Botelho and L. Bezerra and A. Britto and L. Silva},
   doi = {10.1109/CEC.2018.8477896},
   isbn = {9781509060177},
   eventtitle = {2018 IEEE Congress on Evolutionary Computation, CEC 2018 - Proceedings},
   booktitle = {Proceedings [\ldots].},
   keywords = {Estimation Distributed Algorithm,Many-Objective Optimization,Search Based Software Refactoring},
   month = {9},
   publisher = {Institute of Electrical and Electronics Engineers Inc.},
   title = {A Many-Objective Estimation Distributed Algorithm Applied to Search Based Software Refactoring},
   year = {2018},
}

@article{Abid2021b,
   author = {C. Abid and D. Rzig and T. Ferreira and M. Kessentini and T. Sharma},
   doi = {10.1109/TSE.2021.3105037},
   issn = {19393520},
   journal = {IEEE Transactions on Software Engineering},
   keywords = {History,Measurement,QMOOD metrics,Refactoring recommendations,Search-Based Software Engineering,Sociology,Software engineering,Software systems,Statistics,Tools,multi-objective search},
   publisher = {Institute of Electrical and Electronics Engineers Inc.},
   title = {X-SBR: On the Use of the History of Refactorings for Explainable Search-Based Refactoring and Intelligent Change Operators},
   year = {2021},
}

@article{Aniche2022,
   author = {M. Aniche and E. Maziero and R. Durelli and V. H. S. Durelli},
   doi = {10.1109/TSE.2020.3021736},
   issn = {19393520},
   issue = {4},
   journal = {IEEE Transactions on Software Engineering},
   keywords = {Software engineering,machine learning for software engineering,software refactoring},
   month = {4},
   pages = {1432-1450},
   publisher = {Institute of Electrical and Electronics Engineers Inc.},
   title = {The Effectiveness of Supervised Machine Learning Algorithms in Predicting Software Refactoring},
   volume = {48},
   year = {2022},
}

@inproceedings{Adler2021,
   author = {F. Adler and G. Fraser and E. Grundinger and N. Korber and S. Labrenz and J. Lerchenberger and S. Lukasczyk and S. Schweikl},
   doi = {10.1109/SCAM52516.2021.00023},
   isbn = {9781665448970},
   eventtitle = {Proceedings - IEEE 21st International Working Conference on Source Code Analysis and Manipulation, SCAM 2021},
   booktitle = {Proceedings [\ldots].},
   keywords = {Readability,Scratch,Search-Based Refactoring},
   pages = {120-130},
   publisher = {Institute of Electrical and Electronics Engineers Inc.},
   title = {Improving Readability of Scratch Programs with Search-based Refactoring},
   year = {2021},
}

@inproceedings{Ivers2022,
   author = {J. Ivers and C. Seifried and I. Ozkaya},
   doi = {10.1109/icsa53651.2022.00018},
   month = {5},
   pages = {101-111},
   booktitle = {Proceedings [\ldots].},
   eventtitle={2022 IEEE 19th International Conference on Software Architecture (ICSA)}, 
   publisher = {Institute of Electrical and Electronics Engineers (IEEE)},
   title = {Untangling the Knot: Enabling Architecture Evolution with Search-Based Refactoring},
   year = {2022},
}

@article{Alenezi2020,
   author = {M. Alenezi and M. Akour and O. Al Qasem},
   doi = {10.12928/TELKOMNIKA.v18i6.16743},
   issn = {23029293},
   issue = {6},
   journal = {Telkomnika (Telecommunication Computing Electronics and Control)},
   keywords = {Deep learning algorithms,Measurement,Software maintenance,Software refactoring,Source code analysis},
   month = {12},
   pages = {2977-2982},
   publisher = {Universitas Ahmad Dahlan},
   title = {Harnessing deep learning algorithms to predict software refactoring},
   volume = {18},
   year = {2020},
}

@article{Zhao2022,
   author = {Y. Zhao and Y. Yang and Y. Zhou and Z. Ding},
   doi = {10.1109/TR.2022.3159851},
   issn = {15581721},
   journal = {IEEE Transactions on Reliability},
   keywords = {Design principles,heuristic rule,search-based,software maintenance,software refactoring},
   month = {6},
   publisher = {Institute of Electrical and Electronics Engineers Inc.},
   title = {DEPICTER: A Design-Principle Guided and Heuristic-Rule Constrained Software Refactoring Approach},
   year = {2022},
}

@inproceedings{Arcelli2018,
   author = {D. Arcelli and V. Cortellessa and M. D'Emidio and D. Di Pompeo},
   doi = {10.1109/ICSA.2018.00020},
   isbn = {9781538663981},
   eventtitle = {Proceedings - 2018 IEEE 15th International Conference on Software Architecture, ICSA 2018},
   booktitle = {Proceedings [\ldots].},
   keywords = {Multi Objective Optimization,Software Performance Engineering,Software Refactoring},
   month = {7},
   pages = {105-114},
   publisher = {Institute of Electrical and Electronics Engineers Inc.},
   title = {EASIER: An Evolutionary Approach for Multi-objective Software ArchItecturE Refactoring},
   year = {2018},
}

@inproceedings{Farah2021,
   author = {P. R. Farah and T. Mariani and E. A. da Roza and R. C. Silva and S. R. Vergilio},
   doi = {10.1109/CEC45853.2021.9504804},
   isbn = {9781728183923},
   eventtitle = {2021 IEEE Congress on Evolutionary Computation, CEC 2021 - Proceedings},
   booktitle = {Proceedings [\ldots].},
   keywords = {Clustering algorithms,Mining software repositories,Software refactoring},
   pages = {2377-2384},
   publisher = {Institute of Electrical and Electronics Engineers Inc.},
   title = {Unsupervised Learning For Refactoring Pattern Detection},
   year = {2021},
}

@article{Ghannem2018,
   author = {A. Ghannem and M. Kessentini and M. S. Hamdi and G. El Boussaidi},
   doi = {10.1002/smr.1916},
   issn = {20477473},
   issue = {4},
   journal = {Journal of Software: Evolution and Process},
   keywords = {NSGA-II,Pareto front,model evolution,refactoring by example,software maintenance},
   month = {4},
   pages = {e1916},
   publisher = {John Wiley and Sons Ltd},
   title = {Model refactoring by example: A multi-objective search based software engineering approach},
   volume = {30},
   url = {https://onlinelibrary.wiley.com/doi/10.1002/smr.1916},
   year = {2018},
}

@article{Ramirez2019,
   author = {A. Ramírez and J. R. Romero and S. Ventura},
   doi = {10.1016/j.jss.2018.12.015},
   issn = {01641212},
   journal = {Journal of Systems and Software},
   keywords = {Evolutionary algorithms,Literature survey,Many-objective optimisation,Multi-objective optimisation,Search-based software engineering},
   month = {3},
   pages = {382-395},
   publisher = {Elsevier Inc.},
   title = {A survey of many-objective optimisation in search-based software engineering},
   volume = {149},
   year = {2019},
}

@article{Guizzo2019,
   author = {G. Guizzo and T. E. Colanzi and S. R. Vergilio},
   doi = {10.1007/s10270-017-0614-9},
   issn = {16191374},
   issue = {2},
   journal = {Software and Systems Modeling},
   keywords = {Design pattern,Search-based software engineering,Software product line architecture},
   month = {4},
   pages = {1487-1512},
   publisher = {Springer Verlag},
   title = {Applying design patterns in the search-based optimization of software product line architectures},
   volume = {18},
   year = {2019},
}

@article{Shahidi2022,
   author = {M. Shahidi and M. Ashtiani and M. Zakeri-Nasrabadi},
   doi = {10.1016/j.jss.2022.111221},
   issn = {01641212},
   journal = {Journal of Systems and Software},
   keywords = {Code smell,Extract method,Graph analysis,Long method,Software refactoring},
   month = {5},
   pages = {111221},
   publisher = {Elsevier Inc.},
   title = {An automated extract method refactoring approach to correct the long method code smell},
   volume = {187},
   year = {2022},
}

@inproceedings{Fernandes2021,
   author = {I. P. Fernandes and M. Terra-Neves and J. C. Seco},
   doi = {10.1109/MODELS-C53483.2021.00065},
   isbn = {9781665424844},
   eventtitle = {Companion Proceedings - 24th International Conference on Model-Driven Engineering Languages and Systems, MODELS-C 2021},
   booktitle = {Proceedings [\ldots].},
   keywords = {Anti-patterns,Code analysis,Low-code development,Model-driven development,Refactoring,Technical debt},
   pages = {417-426},
   publisher = {Institute of Electrical and Electronics Engineers Inc.},
   title = {Automated Refactoring of Unbounded Queries in Software Automation Platforms},
   year = {2021},
}

@article{Panighrahi2022,
   author = {R. Panighrahi and S. K. Kuanar and L. Kumar},
   doi = {10.4018/ijossp.300756},
   issn = {1942-3926},
   issue = {1},
   journal = {International Journal of Open Source Software and Processes},
   month = {1},
   pages = {1-31},
   publisher = {IGI Global},
   title = {Cross-Project Software Refactoring Prediction Using Optimized Deep Learning Neural Network With the Aid of Attribute Selection},
   volume = {13},
   year = {2022},
}

@inproceedings{Wang2021,
   author = {X. Wang and L. Xiao and T. Yu and A. Woepse and S. Wong},
   city = {New York, NY, USA},
   doi = {10.1145/3468264.3468590},
   isbn = {9781450385626},
   eventtitle = {ESEC/FSE 2021 - Proceedings of the 29th ACM Joint Meeting European Software Engineering Conference and Symposium on the Foundations of Software Engineering},
   booktitle = {Proceedings [\ldots].},
   keywords = {software refactoring,software testing},
   month = {8},
   pages = {540-552},
   publisher = {Association for Computing Machinery, Inc},
   title = {An automatic refactoring framework for replacing test-production inheritance by mocking mechanism},
   url = {https://dl.acm.org/doi/10.1145/3468264.3468590},
   year = {2021},
}

@article{Khalilipour2021,
   author = {A. Khalilipour and M. Challenger and M. Onat and H. Gezgen and G. Kardas},
   doi = {10.1142/S0218194021500066},
   issn = {02181940},
   issue = {2},
   journal = {International Journal of Software Engineering and Knowledge Engineering},
   keywords = {Layered software architecture,business layer,code refactoring,data access layer,software layers separation,software modernization},
   month = {2},
   pages = {217-247},
   publisher = {World Scientific},
   title = {Refactoring Legacy Software for Layer Separation},
   volume = {31},
   year = {2021},
}

@article{Bibiano2022,
   author = {A. C. G. Bibiano and A. Uchôa and W. K. G. Assunção and D. Tenório and T. E. Colanzi and S. R. Vergilio and A. Garcia},
   doi = {10.2139/ssrn.4119519},
   issn = {1556-5068},
   journal = {SSRN Electronic Journal},
   keywords = {code refactoring,composite refactoring,software maintenance,software project,systematic mapping},
   title = {Composite Refactoring: Representations, Characteristics and Effects on Software Projects},
   url = {https://www.ssrn.com/abstract=4119519},
   year = {2022},
}

@inproceedings{Aljedaani2021,
   author = {W. Aljedaani and A. Peruma and A. Aljohani and M. Alotaibi and M. W. Mkaouer and A. Ouni and C. D. Newman and A. Ghallab and S. Ludi},
   city = {New York, NY, USA},
   doi = {10.1145/3463274.3463335},
   isbn = {9781450390538},
   eventtitle = {ACM International Conference Proceeding Series},
   booktitle = {Proceedings [\ldots].},
   month = {6},
   pages = {170-180},
   publisher = {Association for Computing Machinery},
   title = {Test smell detection tools: A systematic mapping study},
   url = {https://dl.acm.org/doi/10.1145/3463274.3463335},
   year = {2021},
}

@article{Kovačević2022,
   author = {A. Kovačević and J. Slivka and D. Vidaković and K.-G. Grujić and N. Luburić and S. Prokić and G. Sladić},
   doi = {10.1016/j.eswa.2022.117607},
   issn = {09574174},
   journal = {Expert Systems with Applications},
   month = {10},
   pages = {117607},
   publisher = {Elsevier BV},
   title = {Automatic detection of Long Method and God Class code smells through neural source code embeddings},
   volume = {204},
   year = {2022},
}

@inproceedings{Martins2020,
   author = {J. Martins and C. Bezerra and A. Uchôa and A. Garcia},
   city = {New York, NY, USA},
   doi = {10.1145/3422392.3422419},
   isbn = {9781450387538},
   journal = {ACM International Conference Proceeding Series},
   booktitle = {Proceedings [\ldots].},
   keywords = {Code Smells Co-occurrences,Quality Attributes,Refactoring},
   month = {10},
   pages = {52-61},
   publisher = {Association for Computing Machinery},
   title = {Are Code Smell Co-occurrences Harmful to Internal Quality Attributes?: A Mixed-Method Study},
   url = {https://dl.acm.org/doi/10.1145/3422392.3422419},
   year = {2020},
}

@inproceedings{Martins2021,
   author = {J. Martins and C. Bezerra and A. Uchôa and A. Garcia},
   city = {New York, NY, USA},
   doi = {10.1145/3474624.3474642},
   isbn = {9781450390613},
   eventtitle = {ACM International Conference Proceeding Series},
   booktitle = {Proceedings [\ldots].},
   keywords = {Code Smells Co-occurrences,Internal Quality Attributes,Refactoring},
   month = {9},
   pages = {54-63},
   publisher = {Association for Computing Machinery},
   title = {How do Code Smell Co-occurrences Removal Impact Internal Quality Attributes? A Developers' Perspective},
   url = {https://dl.acm.org/doi/10.1145/3474624.3474642},
   year = {2021},
}

@inproceedings{van2022, 
   author = {B. van Oort and L. Cruz and B. Loni and A. van Deursen},
   title = {"Project smells": experiences in analysing the software quality of ML projects with mllint}, 
   year = {2022}, 
   isbn = {9781450392266}, 
   publisher = {Association for Computing Machinery}, 
   address = {New York, NY, USA}, 
   url = {https://doi.org/10.1145/3510457.3513041}, doi = {10.1145/3510457.3513041},
   eventtitle = {Proceedings of the 44th International Conference on Software Engineering: Software Engineering in Practice}, 
   booktitle = {Proceedings [\ldots].},
   pages = {211–220}, 
   numpages = {10}, 
   keywords = {Python, code smells, context-aware, dependency management, machine learning, mllint, project smells, software quality, static analysis}, 
   location = {Pittsburgh, Pennsylvania}, 
   series = {ICSE-SEIP '22} }


@article{AlOmar2021b,
   author = {E. A. Alomar and M. W. Mkaouer and A. Ouni},
   doi = {10.1016/j.jss.2020.110821},
   issn = {01641212},
   journal = {Journal of Systems and Software},
   keywords = {Commit classification,Machine learning,Refactoring,Self-affirmed Refactoring},
   month = {1},
   pages = {110821},
   publisher = {Elsevier Inc.},
   title = {Toward the automatic classification of Self-Affirmed Refactoring},
   volume = {171},
   year = {2021},
}

@article{Singh2020,
   author = {R. Singh and A. Bindal and A. Kumar},
   doi = {10.1504/IJSSE.2020.112301},
   issue = {4},
   journal = {Article in International Journal of System of Systems Engineering},
   keywords = {code smells,expert knowledge,framework,maintenance efforts,prioritisation,refactoring,software quality},
   pages = {324-336},
   title = {A framework to improve quality of a Java system by performing refactoring Currently I am working on Disaster Management and energy efficient deployment View project A framework to improve quality of a Java system by performing refactoring},
   volume = {10},
   url = {https://www.researchgate.net/publication/348345498},
   year = {2020},
}

@inproceedings{Yaqoob2021,
   author = {R. Yaqoob and Sanaa and S. U. R. Khan and M. A. Shah},
   doi = {10.1049/icp.2021.2421},
   isbn = {9781839536045},
   issue = {CP786},
   eventtitle = {IET Conference Publications},
   booktitle = {Proceedings [\ldots].},
   keywords = {Approaches,Challenges,Code smells,Digital economy,Targeted domains,Tools},
   pages = {131-136},
   publisher = {Institution of Engineering and Technology},
   title = {TERTIARY STUDY on LANDSCAPING the REVIEW in CODE SMELLS},
   volume = {2021},
   url = {https://digital-library.theiet.org/content/conferences/10.1049/icp.2021.2421},
   year = {2021},
}

@article{Zhang2021a,
   author = {Y. Zhang and C. Dong},
   doi = {10.1002/smr.2403},
   issn = {2047-7473},
   journal = {Journal of Software: Evolution and Process},
   keywords = {brain class/method,code smell,deep learning,metric–attention mechanism,residual network},
   month = {11},
   pages = {e2403},
   publisher = {John Wiley and Sons Ltd},
   title = {MARS: Detecting brain class/method code smell based on metric–attention mechanism and residual network},
   url = {https://onlinelibrary.wiley.com/doi/10.1002/smr.2403},
   year = {2021},
}

@inproceedings{Brito2021,
   author = {R. Brito and M. T. Valente},
   doi = {10.1109/ICPC52881.2021.00033},
   isbn = {9781665414036},
   eventtitle = {IEEE International Conference on Program Comprehension},
   booktitle = {Proceedings [\ldots].},
   keywords = {Code Review,Refactoring,Refactoring-Aware Code Review,Textual Diffs},
   month = {5},
   pages = {265-275},
   publisher = {IEEE Computer Society},
   title = {RAID: Tool Support for Refactoring-Aware Code Reviews},
   volume = {2021-May},
   year = {2021},
}

@article{Pereira2022,
   author = {J. P. dos Reis and F. B. Abreu and G. F. Carneiro and C. Anslow},
   doi = {10.1007/s11831-021-09566-x},
   issn = {18861784},
   issue = {1},
   journal = {Archives of Computational Methods in Engineering},
   keywords = {Mathematical and Computational Engineering},
   month = {1},
   pages = {47-94},
   publisher = {Springer Science and Business Media B.V.},
   title = {Code Smells Detection and Visualization: A Systematic Literature Review},
   volume = {29},
   year = {2022},
}

@inproceedings{Brito2020,
   author = {R. Brito and M. T. Valente},
   city = {New York, NY, USA},
   doi = {10.1145/3425269.3425274},
   eventtitle = {Proceedings of the 14th Brazilian Symposium on Software Components, Architectures, and Reuse},
   booktitle = {Proceedings [\ldots].},
   month = {10},
   pages = {101-110},
   publisher = {Association for Computing Machinery (ACM)},
   title = {RefDiff4Go: Detecting Refactorings in Go},
   url = {https://dl.acm.org/doi/10.1145/3425269.3425274},
   year = {2020},
}

@article{Zhang2021b,
   author = {Y. Zhang and C. Li and Y. Bai},
   doi = {10.1109/ACCESS.2021.3120414},
   issn = {21693536},
   journal = {IEEE Access},
   keywords = {Alias analysis,Consistency validation,Fine-grained lock,Refactoring,Side-effect analysis},
   pages = {149287-149301},
   publisher = {Institute of Electrical and Electronics Engineers Inc.},
   title = {Consistency validation method for Java fine-grained lock refactoring},
   volume = {9},
   year = {2021},
}

@inproceedings{Wohlin2014,
   author = {C. Wohlin},
   doi = {10.1145/2601248.2601268},
   isbn = {9781450324762},
   eventtitle = {ACM International Conference Proceeding Series},
   booktitle = {Proceedings [\ldots].},
   keywords = {Replication,Snowball search,Snowballing,Systematic literature review,Systematic mapping studies},
   publisher = {Association for Computing Machinery},
   title = {Guidelines for snowballing in systematic literature studies and a replication in software engineering},
   year = {2014},
}

@inproceedings{Wohlin2016,
   author = {C. Wohlin},
   city = {New York, NY, USA},
   doi = {10.1145/2915970.2916006},
   isbn = {9781450336918},
   eventtitle = {ACM International Conference Proceeding Series},
   booktitle = {Proceedings [\ldots].},
   keywords = {Empirical research methods,Snowballing,Systematic literature reviews},
   month = {6},
   pages = {1-6},
   publisher = {Association for Computing Machinery},
   title = {Second-generation systematic literature studies using snowballing},
   volume = {01-03-June},
   url = {https://dl.acm.org/doi/10.1145/2915970.2916006},
   year = {2016},
}

@inproceedings{Mendes2019,
   author = {E. Mendes and K. Felizardo and C. Wohlin and M. Kalinowski},
   doi = {10.1109/SEAA.2019.00061},
   isbn = {9781728132853},
   eventtitle = {Proceedings - 45th Euromicro Conference on Software Engineering and Advanced Applications, SEAA 2019},
   booktitle = {Proceedings [\ldots].},
   keywords = {Searching for evidence!,Snowballing,Software Engineering,Systematic Literature Review Update,Systematic Literature Reviews},
   month = {8},
   pages = {355-362},
   publisher = {Institute of Electrical and Electronics Engineers Inc.},
   title = {Search Strategy to Update Systematic Literature Reviews in Software Engineering},
   year = {2019},
}

@article{Wohlin2020,
   author = {C. Wohlin and E. Mendes and K. R. Felizardo and M. Kalinowski},
   doi = {10.1016/j.infsof.2020.106366},
   issn = {09505849},
   journal = {Information and Software Technology},
   keywords = {Searching for evidence,Snowballing,Software engineering,Systematic literature review update,Systematic literature reviews},
   title = {Guidelines for the search strategy to update systematic literature reviews in software engineering},
   volume = {127},
   url = {https://reader.elsevier.com/reader/sd/pii/S095058491930223X?token=445EA5F4223973F96ADEE8A5F5F4B3043F82D793F64E2D4B3E3E2A9204E49304963587AF452A338BAC0966C2DF54F40C&originRegion=us-east-1&originCreation=20220606011507},
   year = {2020},
}

@thesis{Opdyke1992,
   author = {W. F. Opdyke},
   institution = {University of Illinois at Urbana-Champaign},
   title = {Refactoring Object-Oriented Frameworks},
   url = {https://search.proquest.com/openview/251bf2128b02edd1b11fbf1606d83422/1?pq-origsite=gscholar&cbl=18750&diss=y},
   year = {1992},
}

@article{Kitchenham2013,
   author = {B. Kitchenham and P. Brereton},
   doi = {10.1016/j.infsof.2013.07.010},
   issn = {09505849},
   issue = {12},
   journal = {Information and Software Technology},
   keywords = {Mapping study,Systematic literature review,Systematic review,Systematic review methodology},
   month = {12},
   pages = {2049-2075},
   publisher = {Elsevier B.V.},
   title = {A systematic review of systematic review process research in software engineering},
   volume = {55},
   url = {https://linkinghub.elsevier.com/retrieve/pii/S0950584913001560},
   year = {2013},
}

@inproceedings{Felizardo2016,
   author = {K. R. Felizardo and E. Mendes and M. Kalinowski and E. F. Souza and N. L. Vijaykumar},
   city = {New York, NY, USA},
   doi = {10.1145/2961111.2962630},
   isbn = {9781450344272},
   issn = {19493789},
   eventtitle = {International Symposium on Empirical Software Engineering and Measurement},
   booktitle = {Proceedings [\ldots].},
   keywords = {Systematic literature reviews,forward snowballing},
   month = {9},
   pages = {1-6},
   publisher = {IEEE Computer Society},
   title = {Using Forward Snowballing to update Systematic Reviews in Software Engineering},
   volume = {08-09-September-2016},
   url = {https://dl.acm.org/doi/10.1145/2961111.2962630},
   year = {2016},
}

@book{bernard2006,
  title={Research Methods in Anthropology: Qualitative and Quantitative Approaches},
  author={H. R. Bernard},
  isbn={9780759112568},
  lccn={2005018836},
  url={https://books.google.com.br/books?id=LvF-afWmvlkC},
  year={2006},
  publisher={AltaMira Press}
}

@article{vinuto2014,
  title={A amostragem em bola de neve na pesquisa qualitativa: um debate em aberto},
  author={J. Vinuto},
  journal={Tem{\'a}ticas},
  volume={22},
  number={44},
  pages={203--220},
  year={2014}
}

@online{sqs,
  author = {AWS},
  title = {Amazon Simple Queue Service},
  year = 2023,
  url = {https://aws.amazon.com/sqs/},
  urldate = {2023-03-10}
}

@ARTICLE{larrucea2018,
  author={X. Larrucea and I. Santamaria and R. Colomo-Palacios and C. Ebert},
  journal={IEEE Software}, 
  title={Microservices}, 
  year={2018},
  volume={35},
  number={3},
  pages={96-100},
  doi={10.1109/MS.2018.2141030}}

@online{S3,
  title        = {Amazon S3},
  author       = {AWS},
  year         = 2024,
  url          = {https://aws.amazon.com/s3/},
  urldate      = {2024-06-24}
} 

@online{Redis,
  title        = {Your high-performance caching solution},
  author       = {Redis},
  year         = 2024,
  url          = {https://redis.io/solutions/caching/},
  urldate      = {2024-06-24}
} 

@online{Elb,
  title        = {Elastic Load Balancing},
  author       = {AWS},
  year         = 2024,
  url          = {https://aws.amazon.com/elasticloadbalancing/},
  urldate      = {2024-06-24}
} 

@online{Gateway,
  title        = {Amazon API Gateway},
  author       = {AWS},
  year         = 2024,
  url          = {https://aws.amazon.com/api-gateway/},
  urldate      = {2024-06-24}
} 

@online{javaparser,
  author = {JavaParser},
  title = {JavaParser},
  year = 2024,
  url = {https://github.com/javaparser/javaparser},
  urldate = {2024-06-03}
}

@online{java21, 
  author = {Oracle},
  title = {JDK 21 Release Notes},
  year = 2023,
  url = {https://www.oracle.com/java/technologies/javase/21-relnote-issues.html},
  urldate = {2024-06-07}
}

@online{intellij, 
  author = {JetBrains},
  title = {IntelliJ IDEA - The Leading Java and Kotlin IDE},
  year = 2024,
  url = {https://www.jetbrains.com/idea/},
  urldate = {2024-06-07}
}

@online{intellij-inspection, 
  author = {JetBrains},
  title = {IntelliJ IDEA - The Leading Java and Kotlin IDE},
  year = 2024,
  url = {https://www.jetbrains.com/help/idea/running-inspections.html},
  urldate = {2024-06-07}
}

@online{mongo,
  author = {MongoDB Inc},
  title = {MongoDB},
  year = 2024,
  url = {https://www.mongodb.com/},
  urldate = {2024-07-21}
}

@online{wildfly,
  author = {WildFly},
  title = {WildFly - A powerful, modular, \& lightweight application server that helps you build amazing applications.},
  year = 2024,
  url = {https://www.wildfly.org/},
  urldate = {2024-07-21}
}

@online{docker,
  author = {Docker Inc},
  title = {Develop faster. Run anywhere.},
  year = 2024,
  url = {https://www.docker.com/},
  urldate = {2024-07-21}
}

@online{localstack,
  author = {LocalStack},
  title = {Run Locally, Deploy Globally},
  year = 2024,
  url = {https://www.localstack.cloud/},
  urldate = {2024-07-21}
}

@online{spring,
  author = {VMware Tanzu},
  title = {Spring Framework},
  year = 2024,
  url = {https://spring.io/projects/spring-framework},
  urldate = {2024-07-21}
}

@INPROCEEDINGS{Alshuqayran,
  author={N. Alshuqayran and N. Ali and R. Evans},
  eventtitle={2016 IEEE 9th International Conference on Service-Oriented Computing and Applications (SOCA)}, 
  booktitle = {Proceedings [\ldots].},
  title={A Systematic Mapping Study in Microservice Architecture}, 
  year={2016},
  volume={},
  number={},
  pages={44-51},
  keywords={Computer architecture;Service-oriented architecture;Systematics;Conferences;Security;Business},
  doi={10.1109/SOCA.2016.15}
}

@online{junit, 
  author = {JUnit},
  title = {The 5th major version of the programmer-friendly testing framework for Java and the JVM},
  year = 2024,
  url = {https://junit.org/junit5/},
  urldate = {2024-08-25}
}

@book{sommerville2004software,
  title={Software Engineering},
  author={Sommerville, I.},
  isbn={9780321210265},
  lccn={2004007038},
  series={International computer science series},
  url={https://books.google.com.br/books?id=fIJQAAAAMAAJ},
  year={2004},
  publisher={Pearson/Addison-Wesley}
}

@ARTICLE{mens2004,
  author={T. Mens and T. Tourwe},
  journal={IEEE Transactions on Software Engineering}, 
  title={A survey of software refactoring}, 
  year={2004},
  volume={30},
  number={2},
  pages={126-139},
  keywords={Software quality;Software tools;Software maintenance;Software reusability;Buildings;Programming environments;Reverse engineering;Costs;Spirals;Taxonomy},
  doi={10.1109/TSE.2004.1265817}}
